<?xml version="1.0" encoding="UTF-8"?><collection xmlns="http://www.loc.gov/MARC21/slim"><record><leader>00425nam--2200145-i-4500</leader><controlfield tag="001">000038704</controlfield><controlfield tag="002">20161230</controlfield><controlfield tag="005">20170118181936</controlfield><controlfield tag="008">060222s1000------------r-----000-0-eng-d</controlfield><datafield ind1=" " ind2=" " tag="245"><subfield code="a">Regulament tip pentru comanda prin dispatching in sistemele energetice ale ministerului centralelor electrice</subfield></datafield><datafield ind1=" " ind2=" " tag="260"><subfield code="a">Bucuresti</subfield><subfield code="b">Oficiul De Presa, Mee</subfield></datafield><datafield ind1=" " ind2=" " tag="300"><subfield code="a">19 p</subfield></datafield><datafield ind1=" " ind2=" " tag="500"><subfield code="a">1051</subfield></datafield><datafield ind1=" " ind2=" " tag="852"><subfield code="a">2359</subfield></datafield><datafield ind1=" " ind2=" " tag="CAT"><subfield code="a">SYS</subfield><subfield code="c">20170118</subfield><subfield code="h">181936</subfield></datafield></record></collection>